@inproceedings{sweety2022agent,
  title={An Agent Based Model of Mangrove Social-Ecological System for Livelihood Security Assessment},
  author={Sweety, Shamima Airin and Khan, M Shah Alam and Haque, Anisul and Salehin, Mashfiqus},
  booktitle={Water Management: A View from Multidisciplinary Perspectives: 8th International Conference on Water and Flood Management},
  pages={319--349},
  year={2022},
  organization={Springer}
}
@article{jahan2006characterization,
  title={Characterization and evaluation of golpata fronds as pulping raw materials},
  author={Jahan, M Sarwar and Chowdhury, DA Nasima and Islam, M Khalidul},
  journal={Bioresource technology},
  volume={97},
  number={3},
  pages={401--406},
  year={2006},
  publisher={Elsevier}
}