@inproceedings{sweety2022agent,
  title={An Agent Based Model of Mangrove Social-Ecological System for Livelihood Security Assessment},
  author={Sweety, Shamima Airin and Khan, M Shah Alam and Haque, Anisul and Salehin, Mashfiqus},
  booktitle={Water Management: A View from Multidisciplinary Perspectives: 8th International Conference on Water and Flood Management},
  pages={319--349},
  year={2022},
  organization={Springer}
}
@article{jahan2006characterization,
  title={Characterization and evaluation of golpata fronds as pulping raw materials},
  author={Jahan, M Sarwar and Chowdhury, DA Nasima and Islam, M Khalidul},
  journal={Bioresource technology},
  volume={97},
  number={3},
  pages={401--406},
  year={2006},
  publisher={Elsevier}
}
@online{financialexpress2020sundarbans,
  author    = {{The Financial Express}},
  title     = {Sundarbans sees golpata trees dying a slow death},
  year      = {2020},
  url       = {https://thefinancialexpress.com.bd/home/sundarbans-sees-golpata-trees-dying-a-slow-death-1609138997},
  urldate   = {2024-07-26},
  note      = {Accessed: 2024-07-26}
}
@book{book,
author = {Hoq, Enamul},
year = {2024},
month = {03},
pages = {},
title = {Sundarbans Mangrove- Fish & Fisheries}
}
@article{article,
author = {Habib, Kazi and Neogi, Amit and Oh, Jina and Nahar, Najmun and Kim, Choong-Gon and Lee, Youn-Ho},
year = {2020},
month = {01},
pages = {15154–15172},
title = {An overview of fishes of the Sundarbans, Bangladesh and their present conservation status},
volume = {12},
journal = {Journal of Threatened Taxa},
doi = {10.11609/jott.4893.12.1.15154-15172}
}
@article{mongabay2020shrimp,
  title={Unchecked shrimp farming transforms land use in the Sundarbans},
  author={Goodbred, Steven L. and Paolo, P. M. and Ullah, M. S. and Pate, R. D. and Khan, S. R. and Kuehl, Steven A. and Rahman, Mohammad},
  journal={Mongabay},
  year={2020},
  url={https://india.mongabay.com/2020/11/unchecked-shrimp-farming-transforms-land-use-in-the-sundarbans/}
}

@article{mongabay2020salt,
  title={Salt-tolerant rice, innovations help farmers deal with salinity in Sundarbans},
  author={Chandrashekhar, Vaishnavi},
  journal={Mongabay},
  year={2020},
  url={https://india.mongabay.com/2020/11/salt-tolerant-rice-innovations-help-farmers-deal-with-salinity-in-sundarbans/}
}

@article{mongabay2020caught,
  title={Caught in the net: Unchecked shrimp farming transforms India’s Sundarbans},
  author={Sarkar, Niladry},
  journal={Mongabay},
  year={2020},
  url={https://news.mongabay.com/2020/11/caught-in-the-net-unchecked-shrimp-farming-transforms-indias-sundarbans/}
}

@misc{engage4sundarbans2020,
  title={Integrated Farming - ENGAGE4Sundarbans},
  author={{ENGAGE4Sundarbans}},
  year={2020},
  url={https://engage4sundarbans.org/integrated-farming/}
}
@article{mongabay2020,
  title={Bangladesh ban on resource hunting in Sundarbans leaves communities facing hardship},
  author={Nandithachandraprakash},
  journal={Mongabay},
  year={2020},
  url={https://news.mongabay.com/2020/11/bangladesh-ban-on-resource-hunting-in-sundarbans-leaves-communities-facing-hardship/}
}


@misc{banglapedia2021,
  title={Nipa Palm - Banglapedia},
  author={M Khairul Alam},
  year={2021},
  url={https://en.banglapedia.org/index.php/Nipa_Palm}
}
@book{railsback2019agent,
  title={Agent-Based and Individual-Based Modeling: A Practical Introduction},
  author={Railsback, Steven F. and Grimm, Volker},
  year={2019},
  publisher={Princeton University Press},
  address={Princeton, NJ},
  isbn={9780691190839}
}

@article{bonabeau2002agent,
  title={Agent-based modeling: Methods and techniques for simulating human systems},
  author={Bonabeau, Eric},
  journal={Proceedings of the National Academy of Sciences},
  volume={99},
  number={suppl 3},
  pages={7280-7287},
  year={2002},
  publisher={National Academy of Sciences},
  doi={10.1073/pnas.082080899},
  url={https://www.pnas.org/content/99/suppl_3/7280}
}

@article{macal2010tutorial,
  title={Tutorial on agent-based modelling and simulation},
  author={Macal, Charles M. and North, Michael J.},
  journal={Journal of Simulation},
  volume={4},
  number={3},
  pages={151-162},
  year={2010},
  publisher={Taylor & Francis},
  doi={10.1057/jos.2010.3},
  url={https://www.tandfonline.com/doi/abs/10.1057/jos.2010.3}
}

